<record><leader>00000cas a2200000 a 4500</leader><controlfield tag="001">70142745</controlfield><controlfield tag="007">hd afu---baca</controlfield><controlfield tag="008">060620c19769999wauwr nea     0   a0eng c</controlfield><datafield ind1=" " ind2=" " tag="010"><subfield code="a">  2006225430</subfield></datafield><datafield ind1=" " ind2=" " tag="040"><subfield code="a">CRL</subfield><subfield code="b">eng</subfield><subfield code="c">CRL</subfield><subfield code="d">OCLCQ</subfield><subfield code="d">OCLCF</subfield><subfield code="d">OCLCO</subfield></datafield><datafield ind1="1" ind2=" " tag="029"><subfield code="a">AU@</subfield><subfield code="b">000040450103</subfield></datafield><datafield ind1=" " ind2=" " tag="042"><subfield code="a">pcc</subfield></datafield><datafield ind1=" " ind2=" " tag="043"><subfield code="a">n-us-wa</subfield><subfield code="a">n-us---</subfield></datafield><datafield ind1=" " ind2=" " tag="090"><subfield code="a">HQ75</subfield></datafield><datafield ind1="0" ind2="0" tag="245"><subfield code="a">Seattle gay news</subfield><subfield code="h">[microform].</subfield></datafield><datafield ind1="3" ind2="0" tag="246"><subfield code="a">Gay news</subfield></datafield><datafield ind1="1" ind2="3" tag="246"><subfield code="a">SGN</subfield><subfield code="f">Feb. 26, 1982-</subfield></datafield><datafield ind1=" " ind2=" " tag="260"><subfield code="a">Seattle [Wash.] :</subfield><subfield code="b">Gay Community Center of Seattle</subfield></datafield><datafield ind1=" " ind2=" " tag="300"><subfield code="a">v. :</subfield><subfield code="b">ill.</subfield></datafield><datafield ind1=" " ind2=" " tag="310"><subfield code="a">Weekly,</subfield><subfield code="b">&lt;1999-&gt;</subfield></datafield><datafield ind1=" " ind2=" " tag="321"><subfield code="a">Frequency varies,</subfield><subfield code="b">Dec. 1975/Jan. 1976-</subfield></datafield><datafield ind1="1" ind2=" " tag="362"><subfield code="a">Began with v. 3, no. 1 (Dec. [1975]/Jan. 1976).</subfield></datafield><datafield ind1=" " ind2=" " tag="500"><subfield code="a">Publisher varies: J.T. &amp; A., Inc., &lt;1980-&gt;</subfield></datafield><datafield ind1=" " ind2=" " tag="588"><subfield code="a">Description based on: Vol. 4, no. 3 (Mar. 1997).</subfield></datafield><datafield ind1=" " ind2=" " tag="533"><subfield code="a">Microfilm.</subfield><subfield code="m">v.4:no. 3-v.9:no. 25 (Mar. 1977-Dec. 1982):[Gaps?]</subfield><subfield code="b">Woodbridge, CT :</subfield><subfield code="c">Primary Source Microfilm,</subfield><subfield code="d">2003.</subfield><subfield code="e">on 1 microfilm reel with other items ; 35 mm.</subfield><subfield code="f">(Atlanta Lesbian Feminist Alliance archives, ca. 1972-1994 ; reel 156).</subfield></datafield><datafield ind1=" " ind2="0" tag="650"><subfield code="a">Gays</subfield><subfield code="z">Washington (State)</subfield><subfield code="z">Seattle</subfield><subfield code="v">Newspapers.</subfield></datafield><datafield ind1=" " ind2="0" tag="650"><subfield code="a">Homosexuality</subfield><subfield code="z">Washington (State)</subfield><subfield code="z">Seattle</subfield><subfield code="v">Newspapers.</subfield></datafield><datafield ind1=" " ind2="0" tag="650"><subfield code="a">Gay liberation movement</subfield><subfield code="z">United States</subfield><subfield code="v">Newspapers.</subfield></datafield><datafield ind1=" " ind2="7" tag="655"><subfield code="a">Newspapers.</subfield><subfield code="2">fast</subfield><subfield code="0">(OCoLC)fst01423814</subfield></datafield><datafield ind1=" " ind2="7" tag="650"><subfield code="a">Gay liberation movement.</subfield><subfield code="2">fast</subfield><subfield code="0">(OCoLC)fst00939104</subfield></datafield><datafield ind1=" " ind2="7" tag="650"><subfield code="a">Gays.</subfield><subfield code="2">fast</subfield><subfield code="0">(OCoLC)fst00939255</subfield></datafield><datafield ind1=" " ind2="7" tag="650"><subfield code="a">Homosexuality.</subfield><subfield code="2">fast</subfield><subfield code="0">(OCoLC)fst00959755</subfield></datafield><datafield ind1=" " ind2="7" tag="651"><subfield code="a">United States.</subfield><subfield code="2">fast</subfield><subfield code="0">(OCoLC)fst01204155</subfield></datafield><datafield ind1=" " ind2="7" tag="651"><subfield code="a">Washington (State)</subfield><subfield code="z">Seattle.</subfield><subfield code="2">fast</subfield><subfield code="0">(OCoLC)fst01204940</subfield></datafield><datafield ind1="2" ind2=" " tag="710"><subfield code="a">Gay Community Center (Seattle, Wash.)</subfield></datafield><datafield ind1=" " ind2=" " tag="752"><subfield code="a">United States</subfield><subfield code="b">Washington</subfield><subfield code="c">King</subfield><subfield code="d">Seattle.</subfield></datafield><datafield ind1="1" ind2=" " tag="776"><subfield code="t">Seattle gay news</subfield><subfield code="w">(DLC)sn 88085573</subfield><subfield code="w">(OCoLC)17597511</subfield></datafield><datafield ind1="0" ind2="0" tag="780"><subfield code="t">News (Gay Community Center (Seattle, Wash.))</subfield></datafield><datafield ind1=" " ind2="0" tag="830"><subfield code="a">Atlanta Lesbian Feminist Alliance archives, ca. 1972-1994 ;</subfield><subfield code="v">reel 156.</subfield></datafield></record>